@Manual{Coq,
  title =        {The Coq proof assistant reference manual},
  author =       {The Coq development team},
  organization = {LogiCal Project},
  note =         {Version 8.0},
  year =         {2004},
  url =          "http://coq.inria.fr"
}

@Book{girard2006le,
 author = {Girard, Jean-Yves},
 title = {Le point aveugle : cours de logique},
 publisher = {Hermann},
 year = {2006},
 address = {Paris},
 isbn = {2705666338}
 }

@incollection{Automath,
  title={A survey of the project AUTOMATH},
  author={De Bruijn, Nicolaas Govert},
  booktitle={Studies in Logic and the Foundations of Mathematics},
  volume={133},
  pages={141--161},
  year={1994},
  publisher={Elsevier}
}

@book{IsabelleHOL,
  title={Isabelle/HOL: a proof assistant for higher-order logic},
  author={Nipkow, Tobias and Paulson, Lawrence C and Wenzel, Markus},
  volume={2283},
  year={2002},
  publisher={Springer Science \& Business Media}
}

@inproceedings{Mizar,
  title={Computer assisted reasoning with MIZAR.},
  author={Trybulec, Andrzej and Blair, Howard A},
  booktitle={IJCAI},
  volume={85},
  pages={26--28},
  year={1985}
}
